
@online{oecdCycleExtraction,
    author = "Nilsson, R. and Gyomai, G.",
    title = "Cycle Extraction. A comparison of the Phase-Average Trend method, the Hodrick–Prescott and Christiano–Fitzgerald filters",
    publisher = "OECD Statistics Working Paper [Electronic resource]",
    year = "2011",
    url = "http://dx.doi.org/10.1787/5kg9srt7f8g0-en",
    urldate = "2016-05-27"
}

@article{nberDevelopment,
    author = "Moore, G. and Zarnowitz, V. ",
    title = "The Development and Role of the National Bureau of Economic Research's Business Cycle Chronologies",
    journal = "The American Business Cycle: Continuity and Change; National Bureau of Economic Research",
    pages = "735-780",
    year = "1986"
}

@article{hamNewApproach,
    author = "Hamilton, J.D.",
    title = "A New Approach to the Economic Analysis of Nonstationary Time Series and the Business Cycle",
    journal = "Econometrica",
    volume = "57",
    number = "2",
    pages = "357-384",
    year = "1989"
}

@report{esiMaking,
    author = "",
    aauthor = "Малюгин, В.И.",
    title = "Разработка системы опережающих экономических индикаторов и экономических диффузных индексов для основных видов экономической деятельности и экономики Республики Беларусь в целом с использованием экономико-математических, эконометрических методов и моделей на основе данных системы мониторинга предприятий Национального банка Республики Беларусь: ",
    type = " отчет о НИР (заключ.)",
    institution = "НИИ ППМИ; рук. В.И. Малюгин",
    date = "2017",
    number = "ГР 20162817",
    location = "Минск",
    pagetotal = "142",
}

@inproceedings{esiExtra,
    author = "Малюгин, В.И. and others",
    title = "Модельные и инструментальные средства для построения и применения индекса экономических настроений белорусской экономики",
    booktitle = "Проблемы прогнозирования и государственного регулирования социально-экономического развития: материалы XVII Международной конференции",
    date = "2017",
    volume = "1",
    pages = "178-188",
    organization = "НИЭИ Минэкономики Республики Беларусь",
    OPTeventtitle = "Проблемы прогнозирования и государственного регулирования социально-экономического развития"
}

@article{malNovopMSVARX,
    author = "Malugin, V. and Novopoltsev, A.",
    title = "Statistical Estimation and Classification Algorithms for Regime-Switching VAR Model with Exogenous Variables",
    journal = "Austrian Journal of Statistics",
    volume = "46",
    pages = "47-56",
    year = "2017"
}

@article{malVARforCycles,
    author = "Малюгин, В.И.",
    title = "Об использовании векторных авторегрессионных моделей с переключающимися состояниями для анализа и прогнозирования циклов экономической активности",
    journal = "Экономика. Моделирование. Прогнозирование",
    volume = "9",
    pages = "183-196",
    year = "2015"
}

@article{malNovopHiddenMarkov,
    author = "Малюгин, В.И. and Новопольцев, А.Ю.",
    title = "Анализ многомерных статистических моделей с неоднородной структурой в случае скрытой марковской зависимости состояний",
    journal = "Известия НАН Беларуси",
    volume = "1",
    number = "2",
    pages = "26-36",
    year = "2015"
}

@online{statsmodels,
    title = "Python package Statsmodels on statsmodels.org",
    author = "Perktold, J. and Seabold, S. and statsmodels-developers", 
    year = "2017",
    url = "http://www.statsmodels.org/stable/index.html"
}

@online{fulton_statespace,
    title = "State space modeling in Python",
    author = "Fulton, C.",
    year = "2016",
    url = "http://www.chadfulton.com/topics/state_space_python.html"
}

@techreport{idc_data_2025,
    author      = "Reinsel, D. and Gantz, J. and Rydning, J.",
    title       = "White Paper: The Digitization of the World: From Edge to Core",
    institution = "IDC",
    year        = "2018"
}

@article{rs_persio2014,
    author="Di Persio, L and Vettori, S.",
    title="Markov Switching Model Analysis of Implied Volatility for Market Indexes with Applications to SP 500 and DAX",
    journal="Journal of Mathematics",
    year="2014",
    month="Dec",
    day="18",
    publisher="Hindawi Publishing Corporation",
    volume="2014",
    pages="753852",
    issn="2314-4629",
    doi="10.1155/2014/753852",
    url="https://doi.org/10.1155/2014/753852"
}

@article{rs_hamilton_palgrave,
    author       = "Hamilton, J.D.",
    title        = "Regime-Switching Models",
    journal      = "Palgrave Dictionary of Economics",
    city         = "La Jolla",
    institution  = "University of California, San Diego",
    year         = "2005"
}


@article{mak_mal_bv_2020,
    author  = "Малюгин, В.И. and Макаревич, А.С.",
    title   = "Модель MS-VARХ и ее применение для анализа бизнес-цикла белорусской экономики",
    journal = "Банкаўскі веснік",
    volume  = "681",
    number  = "4",
    year    = "2020",
    pages   = "22-32",
}

@article{ham_never_hp,
    author = "Hamilton, J.D.",
    title = "Why You Should Never Use the Hodrick-Prescott Filter",
    journal = "The Review of Economics and Statistics",
    volume = "100",
    number = "5",
    pages = "831-843",
    year = "2018",
    doi = "10.1162/rest\_a\_00706",
    URL = "https://doi.org/10.1162/rest_a_00706"
}
@article{intro_to_pp,
  author  = "van de Meent, J.-W. and Paige, B. and Yang, H. and Wood, F.",
  title   = "",
  journal = "",
  volume  = {},
  number  = {},
  year    = {}
}